@article{bandt2002permutation,
  title={Permutation entropy: a natural complexity measure for time series},
  author={Band, C. and Pompe, B.},
  journal={Physical review letters},
  volume={88},
  number={17},
  pages={174102},
  year={2002},
  publisher={APS}
}

@article{traversaro2018bandt,
  title={Bandt-Pompe symbolization dynamics for time series with tied values: A data-driven approach},
  author={Traversaro, F. and Redelico, F. O. and Risk, M. R. and Frery, A. C. and Rosso, O. A.},
  journal={Chaos: An Interdisciplinary Journal of Nonlinear Science},
  volume={28},
  number={7},
  pages={075502},
  year={2018},
  publisher={AIP Publishing}
}

@article{almiron2010numerical,
  title={On the numerical accuracy of spreadsheets},
  author={Almiron, M. G. and Lopes, B. and Oliveira, A. L. C and Medeiros, A. C and Frery, A. C. and others},
  journal={Journal of Statistical Software},
  volume={34},
  number={4},
  pages={1--29},
  year={2010},
  publisher={Foundation for Open Access Statistics}
}

@misc{Speed,
    author= {{Avi}},
    year  = {2018},
    title = {The Need for Speed Part 1: Building an R Package with Fortran (or C)},
    note  = {{https://www.r-bloggers.com/the-need-for-speed-part-1-building-an-r-package-with-fortran-or-c/}, Last accessed on 08-Feb-2019},
}

@misc{.Call,
    author= {{Caffo, B.}},
    year  = {2018},
    title = {Using .Call in R},
    note  = {{http://www.biostat.jhsph.edu/~bcaffo/statcomp/files/dotCall.pdf}, Last accessed on 10-Feb-2019},
}

@misc{Extensions,
    author= {{R Core Team}},
    year  = {2018},
    title = {Writing R Extensions},
    note  = {{https://cran.r-project.org/doc/manuals/r-release/R-exts.html}, Last accessed on 10-Feb-2019},
}