
@book{EncyclopediaofDistances,
  author = {M. M. Deza and E. Deza},
  title = {Encyclopedia of Distances},
  year = {2009},
  isbn = {978-3-642-00234-2},
  publisher = {Springer Berlin Heidelberg},
  doi = {10.1007/978-3-642-00234-2},
  pages = {XIV, 590}
}

@Book{BrockwellDavis91,
   Title                    = {Time Series: Theory and Methods},
   Author                   = {P. J. Brockwell and R. A. Davis},
   Publisher                = {Springer-Verlag},
   Year                     = {1991},
   Address                  = {Berlin},
   Edition                  = {2}
 }
 
 @Article{DistinguishingNoiseFromChaos,
   Title                    = {Distinguishing noise from chaos: objective versus subjective criteria using {H}orizontal {V}isibility {G}raph},
    Author                   = {M. G. Ravetti and L. C. Carpi and B. A. Gon{\c c}alves and A. C. Frery and O. A. Rosso},
    Journal                  = {PLOS ONE},
    Pages                    = {1--15},
    Volume                   = {9},
    Year                     = {2014},
    Number                   = {9},
  
    Doi                      = {10.1371/journal.pone.0108004},
    File                     = {DistinguishingNoiseFromChaos.pdf:rdt_pdf/DistinguishingNoiseFromChaos.pdf:PDF}
  } 
  
  @Article{CharacterizationVehicleBehaviorInformationTheory,
    author    = {Aquino, A. L. L. and Cavalcante, T. S. G. and Almeida, E. S. and Frery, A. C. and Rosso, O. A.},
    journal   = {The European Physical Journal B: Condensed Matter and Complex Systems},
    pages     = {257--269},
    title     = {Characterization of vehicle behavior with Information Theory},
    volume    = {88},
    year      = {2015},
    number    = {10},
    month     = {Oct},
    arxiv     = {1510.04210},
   abstract  = {This work proposes the use of Information Theory for the characterization of vehicles behavior through their velocities. Three public data sets were used: (i) Mobile Century data set collected on Highway I-880, near Union City, California; (ii) Borl\"ange GPS data set collected in the Swedish city of Borl\"ange; and (iii) Beijing taxicabs data set collected in Beijing, China, where each vehicle speed is stored as a time series. The Bandt-Pompe methodology combined with the Complexity-Entropy plane were used to identify different regimes and behaviors. The global velocity is compatible with a correlated noise with $f^{-k}$ Power Spectrum with $k \ge 0$. With this we identify traffic behaviors as, for instance, random velocities ($k\approx 0$) when there is congestion, and more correlated velocities ($k \approx 3$) in the presence of free traffic flow.},
    doi       = {10.1140/epjb/e2015-60384-x},
 issn      = {1434-6036},
    publisher = {Springer Science + Business Media},
    url       = {http://dx.doi.org/10.1140/epjb/e2015-60384-x},
  }
  
  @Article{ClassificationVerificationOnlineHandwrittenSignatures,
    author   = {O. A. Rosso and R. Ospina and A. C. Frery},
    journal  = {PLOS ONE},
    pages    = {e0166868},
    title    = {Classification and Verification of Handwritten Signatures with Time Causal Information Theory Quantifiers},
    volume   = {11},
    year     = {2016},
    number   = {12},
    abstract = {We present a new approach for handwritten signature classification and verification based on descriptors stemming from time causal information theory. The proposal uses the Shannon entropy, the statistical complexity, and the Fisher information evaluated over the Bandt and Pompe symbolization of the horizontal and vertical coordinates of signatures. These six features are easy and fast to compute, and they are the input to an One-Class Support Vector Machine classifier. The results are better than state-of-the-art online techniques that employ higher-dimensional feature spaces which often require specialized software and hardware. We assess the consistency of our proposal with respect to the size of the training sample, and we also use it to classify the signatures into meaningful groups.},
    doi      = {10.1371/journal.pone.0166868},
  }
  
  @Article{CharacterizationElectricLoadInformationTheoryQuantifiers,
    author  = {A. L. L. Aquino and H. S. Ramos and A. C. Frery and L. P. Viana and T. S. G. Cavalcante and O. A. Rosso},
    journal = {Physica A},
    pages   = {277--284},
    title   = {Characterization of Electric Load with Information Theory Quantifiers},
    volume  = {465},
    year    = {2017},
    doi     = {10.1016/j.physa.2016.08.017},
  }
 
  
  @Article{InformationTheoryPerspectiveNetworkRobustness,
    Title                    = {Information theory perspective on network robustness},
    Author                   = {T. A. Schieber and L. Carpi and A. C. Frery and O. A. Rosso and P. M. Pardalos and M. G. Ravetti},
    Journal                  = {Physics Letters A},
   Pages                    = {359--364},
    Volume                   = {380},
    Year                     = {2016},
    Doi                      = {10.1016/j.physleta.2015.10.055},
  }
  
 @article{shannon,
 author = {Shannon, C. E.},
 title = {A Mathematical Theory of Communication},
 journal = {SIGMOBILE Mob. Comput. Commun. Rev.},
 issue_date = {January 2001},
 volume = {5},
 number = {1},
 month = jan,
 year = {2001},
 issn = {1559-1662},
 pages = {3--55},
 numpages = {53},
 url = {http://doi.acm.org/10.1145/584091.584093},
 doi = {10.1145/584091.584093},
 acmid = {584093},
 publisher = {ACM},
 address = {New York, NY, USA},
} 

@book{entropyAndInformationTheory,
 author = {Gray, R. M.},
 title = {Entropy and Information Theory},
 year = {1990},
 isbn = {0-387-97371-0},
 publisher = {Springer-Verlag},
 address = {Berlin, Heidelberg},
} 

@article{hart,
author = {P. E. Hart},
year = {1971},
month = {01},
pages = {73--85},
title = {Entropy and Other Measures of Concentration},
volume = {A 134},
journal = {Journal of the Royal Statistical Society}
}

@article{fisherRosso,
  title = {Permutation-information-theory approach to unveil delay dynamics from time-series analysis},
  author = {Zunino, L. and Soriano, M. C. and Fischer, I. and Rosso, O. A. and Mirasso, C. R.},
  journal = {Phys. Rev. E},
  volume = {82},
  issue = {4},
  pages = {046212},
  numpages = {9},
  year = {2010},
  month = {Oct},
  publisher = {American Physical Society},
  doi = {10.1103/PhysRevE.82.046212},
  url = {https://link.aps.org/doi/10.1103/PhysRevE.82.046212}
}

@article{ROSSO2,
title = "Shakespeare and other English Renaissance authors as characterized by Information Theory complexity quantifiers",
journal = "Physica A: Statistical Mechanics and its Applications",
volume = "388",
number = "6",
pages = "916 - 926",
year = "2009",
issn = "0378-4371",
doi = "https://doi.org/10.1016/j.physa.2008.11.018",
url = "http://www.sciencedirect.com/science/article/pii/S0378437108009461",
author = "O. A. Rosso and H. Craig and P. Moscato",
keywords = "Entropy, Statistical complexity, English literature, Information Theory"
}

@article{DEMICCO20083373,
title = "Randomizing nonlinear maps via symbolic dynamics",
journal = "Physica A: Statistical Mechanics and its Applications",
volume = "387",
number = "14",
pages = "3373--3383",
year = "2008",
issn = "0378-4371",
doi = "https://doi.org/10.1016/j.physa.2008.02.037",
url = "http://www.sciencedirect.com/science/article/pii/S0378437108002318",
author = "L. De Micco and C. M. González and H. A. Larrondo and M. T. Martin and A. Plastino and O. A. Rosso",
keywords = "Symbolic dynamics, Pseudo random number generators, Permutation entropy, Statistical complexity"
}

@article{PhysRevLett,
  title = {Construction of Symbolic Dynamics from Experimental Time Series},
  author = {Mischaikow, K. and Mrozek, M. and Reiss, J. and Szymczak, A.},
  journal = {Phys. Rev. Lett.},
  volume = {82},
  issue = {6},
  pages = {1144--1147},
  numpages = {0},
  year = {1999},
  month = {Feb},
  publisher = {American Physical Society},
  doi = {10.1103/PhysRevLett.82.1144},
  url = {https://link.aps.org/doi/10.1103/PhysRevLett.82.1144}
}

@article{article,
author = {Powell, G. E. and Percival, I.},
year = {2001},
month = {01},
pages = {2053},
title = {A spectral entropy method for distinguishing regular and irregular motion of {H}amiltonian systems},
volume = {12},
journal = {Journal of Physics A: Mathematical and General}
}

@article{ROSSO3,
title = "Wavelet entropy: a new tool for analysis of short duration brain electrical signals",
journal = "Journal of Neuroscience Methods",
volume = "105",
number = "1",
pages = "65 - 75",
year = "2001",
issn = "0165-0270",
doi = "https://doi.org/10.1016/S0165-0270(00)00356-3",
url = "http://www.sciencedirect.com/science/article/pii/S0165027000003563",
author = "O. A. Rosso and S. Blanco and J. Yordanova and V. Kolev and A. Figliola and M. Sch{\"u}rmann and E. Ba{\c s}ar",
keywords = "EEG, event-related potentials (ERP), Visual evoked potential, Time–frequency signal analysis, Wavelet analysis, Signal entropy"
}

@article{article2,
author = {Bandt, C. and Pompe, B.},
year = {2002},
month = {05},
pages = {174102},
title = {Permutation Entropy: A Natural Complexity Measure for Time Series},
volume = {88},
journal = {Physical review letters}
}

@article{Kowalski2011DistancesIP,
  title={Distances in Probability Space and the Statistical Complexity Setup},
  author={A. M. Kowalski and M. T. Mart{\'i}n and A. Plastino and O. A. Rosso and M. Casas},
  journal={Entropy},
  year={2011},
  volume={13},
  pages={1055-1075}
}


@article{tiedvalues,
  title={Bandt-Pompe symbolization dynamics for time series with tied values: a data-driven approach},
  author={F. Traversaro and F. Redelico and M. Risk and A. C. Frery and Rosso, O.},
  journal={Chaos: an Interdisciplinary Journal of Nonlinear Science},
  year={2018},
  issn={1054--1500},
  abstract={Bandt and Pompe introduced in 2002 [Phys. Rev. Lett. 88 (2002) 174102], a successfully symbolic encoding scheme, based on the ordinal relation between the amplitude of neighboring values of a given data sequence, from which the permutation entropy can be evaluated. Equalities in the analyzed sequence, in example, repeated equal values, deserve special attention and treatment as was shown recently by Zunino and coworkers [Phys. Let. A 381 (2017) 1883]. Significant number of equal values can give rise to false conclusions regarding the underlying temporal structures in practical contexts. In the present contribution, we review the different existing methodologies for treats time series with ties values by classifying them according to their different strategies. In addition, a novel data-driven imputation is presented that proves to outperform the existing methodologies and avoiding the false conclusions pointed by Zunino and coworkers.}
}

@article{article3,
author = {Cha, S.-H.},
year = {2007},
month = {01},
pages = {},
title = {Comprehensive Survey on Distance/Similarity Measures Between Probability Density Functions},
volume = {1},
journal = {Int. J. Math. Model. Meth. Appl. Sci.}
}

@article{ZUNINO20171883,
title = "Permutation entropy based time series analysis: Equalities in the input signal can lead to false conclusions",
journal = "Physics Letters A",
volume = "381",
number = "22",
pages = "1883 - 1892",
year = "2017",
issn = "0375-9601",
doi = "https://doi.org/10.1016/j.physleta.2017.03.052",
url = "http://www.sciencedirect.com/science/article/pii/S0375960117303353",
author = "L. Zunino and F. Olivares and F. Scholkmann and O. A. Rosso",
keywords = "Time series analysis, Permutation entropy, Equalities, Spurious temporal correlations"
}


@Inproceedings{entropyInformation,
  Title                    = {On Measures of Entropy and Information},
  Author                   = {R\'{e}nyi, A.},
  Booktitle                = {4th Berkeley Symposium on Mathematical Statistics and Probability},
  Year                     = {1961},
  Pages                    = {547--561},
  Volume                   = {1}
}


@Article{Tsallis1988,
author="Tsallis, C.",
title="Possible generalization of Boltzmann-Gibbs statistics",
journal="Journal of Statistical Physics",
year="1988",
month="Jul",
day="01",
volume="52",
number="1",
pages="479--487",
abstract="With the use of a quantity normally scaled in multifractals, a generalized form is postulated for entropy, namelyS                  q                 ≡k [1 -- ∑                  i=1                  W                 p                  i                  q                ]/(q-1), whereq∈ℝ characterizes the generalization andpi are the probabilities associated withW (microscopic) configurations (W∈ℕ). The main properties associated with this entropy are established, particularly those corresponding to the microcanonical and canonical ensembles. The Boltzmann-Gibbs statistics is recovered as theq{\textrightarrow}1 limit.",
issn="1572-9613",
doi="10.1007/BF01016429",
url="https://doi.org/10.1007/BF01016429"
}

@article{CHA20021355,
title = "On measuring the distance between histograms",
journal = "Pattern Recognition",
volume = "35",
number = "6",
pages = "1355 - 1370",
year = "2002",
issn = "0031-3203",
doi = "https://doi.org/10.1016/S0031-3203(01)00118-2",
url = "http://www.sciencedirect.com/science/article/pii/S0031320301001182",
author = "Sung-Hyuk Cha and S. N. Srihari",
keywords = "Distance measure, Histogram, Nominal, Modulo, Ordinal"
}

@article{FELDMAN1998244,
title = "Measures of statistical complexity: Why?",
journal = "Physics Letters A",
volume = "238",
number = "4",
pages = "244--252",
year = "1998",
issn = "0375-9601",
doi = "https://doi.org/10.1016/S0375-9601(97)00855-4",
url = "http://www.sciencedirect.com/science/article/pii/S0375960197008554",
author = "D. P. Feldman and J. P. Crutchfield",
keywords = "Statistical complexity, Excess entropy, Mutual information, Shannon entropy, Kolmogorov complexity"
}

@article{MinEntropy,
author = {Zunino, L. and Olivares, F. and Rosso, O.},
year = {2015},
month = {01},
pages = {10005},
title = {Permutation min-entropy: An improved quantifier for unveiling subtle temporal correlations},
volume = {109},
booktitle = {EPL (Europhysics Letters)}
}

@article{article5,
author = {Feldman, D. P.  and McTague, C. S.  and Crutchfield, J. P. },
title = {The organization of intrinsic computation: Complexity-entropy diagrams and the diversity of natural information processing},
journal = {Chaos: An Interdisciplinary Journal of Nonlinear Science},
volume = {18},
number = {4},
pages = {043106},
year = {2008},
doi = {10.1063/1.2991106},
URL = { https://doi.org/10.1063/1.2991106}
}

@article{LOPEZRUIZ1995321,
title = "A statistical measure of complexity",
journal = "Physics Letters A",
volume = "209",
number = "5",
pages = "321 - 326",
year = "1995",
issn = "0375-9601",
doi = "https://doi.org/10.1016/0375-9601(95)00867-5",
url = "http://www.sciencedirect.com/science/article/pii/0375960195008675",
author = "R. L\'opez-Ruiz and H. L. Mancini and X. Calbet"
}

@article{MARTIN2006439,
title = "Generalized statistical complexity measures: Geometrical and analytical properties",
journal = "Physica A: Statistical Mechanics and its Applications",
volume = "369",
number = "2",
pages = "439--462",
year = "2006",
issn = "0378-4371",
doi = "https://doi.org/10.1016/j.physa.2005.11.053",
url = "http://www.sciencedirect.com/science/article/pii/S0378437106001324",
author = "M. T. Martin and A. Plastino and O. A. Rosso",
keywords = "Statistical complexity, Entropy, Disequilibrium, Distances in probability space, Dynamical systems"
}

@Article{OrdinalPatternProbabilities,
  author    = {M. Sinn and K. Keller},
  journal   = {Computational Statistics {\&} Data Analysis},
  pages     = {1781--1790},
  title     = {Estimation of ordinal pattern probabilities in {G}aussian processes with stationary increments},
  volume    = {55},
  year      = {2011},
  number    = {4},
  doi       = {10.1016/j.csda.2010.11.009},
  publisher = {Elsevier {BV}},
}

@article{oilMarket,
  title = {Crude Oil Market and Geopolitical Events: An Analysis Based on Information-Theory-Based Quantifiers},
  author = {A. F. Bariviera, L. Zunino and O. A. Rosso},
  year = {2016},
  journal = {Fuzzy Economic Review},
  volume = {21},
  number = {1},
  pages = {41-51},
  url = {https://EconPapers.repec.org/RePEc:fzy:fuzeco:v:21:y:2016:i:1:p:41-51}
}

@book{EGGTimeSeries,
  author = {S. Blanco and S. Kochen and R. Q. Quiroga and L. Riquelme and O. A. Rosso and P. Salgado},
  title={Characterization of Epileptic EEG Time Series (I): Gabor Transform and Nonlinear Dynamics Methods},
  bookTitle={Wavelet Theory and Harmonic Analysis in Applied Sciences},
  year={1997},
  publisher={Birkh{\"a}user Boston},
  address={Boston, MA},
  pages={179--226},
  isbn={978-1-4612-2010-7},
  doi={10.1007/978-1-4612-2010-7_9},
  url={https://doi.org/10.1007/978-1-4612-2010-7_9}
}

