@article{zunino2016discriminating,
  title={Discriminating image textures with the multiscale two-dimensional complexity-entropy causality plane},
  author={Zunino, Luciano and Ribeiro, Haroldo V},
  journal={Chaos, Solitons \& Fractals},
  volume={91},
  pages={679--688},
  year={2016},
  publisher={Elsevier}
}

@article{ribeiro2012complexity,
  title={Complexity-entropy causality plane as a complexity measure for two-dimensional patterns},
  author={Ribeiro, Haroldo V and Zunino, Luciano and Lenzi, Ervin K and Santoro, Perseu A and Mendes, Renio S},
  journal={PloS one},
  volume={7},
  number={8},
  pages={e40689},
  year={2012},
  publisher={Public Library of Science}
}

@article{sigaki2019estimating,
  title={Estimating physical properties from liquid crystal textures via machine learning and complexity-entropy methods},
  author={Sigaki, HYD and de Souza, RF and de Souza, RT and Zola, RS and Ribeiro, HV},
  journal={Physical Review E},
  volume={99},
  number={1},
  pages={013311},
  year={2019},
  publisher={APS}
}

@article{brazhe2018shearlet,
  title={Shearlet-based measures of entropy and complexity for two-dimensional patterns},
  author={Brazhe, Alexey},
  journal={Physical Review E},
  volume={97},
  number={6},
  pages={061301},
  year={2018},
  publisher={APS}
}

@inproceedings{antonelli2017permutation,
  title={Permutation entropy: Texture characterization in images},
  author={Antonelli, Adriana P and Meschino, Gustavo J and Ballarin, Virginia L},
  booktitle={2017 XVII Workshop on Information Processing and Control (RPIC)},
  pages={1--7},
  year={2017},
  organization={IEEE}
}